
@misc{Desmos:2023,
    title        = {Desmos website},
    author       = {{Desmos Studio PBC}},
    year         = 2023,
    url = {https://desmos.com}
}

@misc{Matlab:2023,
    title = {Matlab website},
    author = {{MathWorks \textregistered}},
    year = 2023,
    url = {https://uk.mathworks.com/products/matlab.html}
}

@book{Nystrom:2021,
 author = {Nystrom, Robert},
 title = {Crafting Interpreters},
 year = {2021},
 isbn = {978-0-9905289-3-9},
 publisher = {Genever Benning},
 address = {Great Brittain},
}

@manual{WPF:2023,
   title = {Windows Presentation Foundation documentation},
   author = {{Microsoft Learn, WPF}},
   organization = {Microsoft},
   address = {},
   year = {2023},
   url = {https://learn.microsoft.com/en-us/dotnet/desktop/wpf/?view=netdesktop-8.0},
 }

@misc{DI:2023,
    title = {Dependency injection in ASP.NET Core},
    author = {{Microsoft Learn, DI}},
    url={https://learn.microsoft.com/en-us/aspnet/core/fundamentals/dependency-injection?view=aspnetcore-8.0},
    journal={Microsoft Learn, DI},
    publisher={Microsoft Learn},
    year={2023},
    month={Jul}
} 

@misc{MVVM:2022,
    title={Model-View-ViewModel (MVVM)},
    author={{Microsoft Learn, MVVM}},
    url={https://learn.microsoft.com/en-us/dotnet/architecture/maui/mvvm},
    journal={Model-View-ViewModel - .NET | Microsoft Learn},
    publisher={Microsoft Learn},
    year={2022},
    month={Apr}
} 

@misc{Moq,
    title={Devlooped/moq: The most popular and friendly mocking framework for .NET},
    url={https://github.com/devlooped/moq},
    journal={GitHub},
    author={Devlooped},
    year = 2023
} 

@misc{Atlassian:JIRA,
    title={Jira},
    url={https://www.atlassian.com/software/jira},
    journal={Atlassian},
    author={Atlassian},
    year = 2023
} 

@misc{DLL,
    title={What is a DLL},
    url={https://en.wikipedia.org/wiki/Dynamic-link_library},
    journal={Wikipedia}, 
    publisher={Wikimedia Foundation},
    year={2023}, 
    month={Nov},
    author={{Wikipedia, DLL}}
} 

@misc{Atlassian:CI, 
    title={What is continuous integration},
    url={https://www.atlassian.com/continuous-delivery/continuous-integration},
    journal={Atlassian},
    author={Atlassian},
    year = 2023
} 

@misc{
    GitHubDocs:Actions,
    title={GitHub actions documentation},
    url={https://docs.github.com/en/actions/learn-github-actions},
    journal={GitHub Docs},
    author={GitHub},
    year = 2023
} 

@misc{
    Derivatives, 
    title = "Derivative Rules",
    url={https://www.mathsisfun.com/calculus/derivatives-rules.html}, 
    journal={Math is Fun},
    author={{Math Is Fun}},
    year = 2023
} 

@misc{
    ServiceLayer:Wiki, 
    title={Service Layer design pattern},
    url={https://en.wikipedia.org/wiki/Service_layer_pattern}, 
    journal={Wikipedia}, 
    publisher={Wikimedia Foundation}, 
    year={2023}, 
    month={Mar},
    author={{Wikipedia, Service Layer}}
} 

@misc{
    MSAGL,
    title={Microsoft/automatic-graph-layout: A set of tools for graph layout and viewing},
    url={https://github.com/microsoft/automatic-graph-layout}, journal={GitHub},
    author={{Microsoft, MSAGL}},
    year = 2023
} 

@misc{
    Oxyplot,
    title={Oxyplot/oxyplot: A cross-platform plotting library for .NET},
    url={https://github.com/oxyplot/oxyplot}, 
    journal={GitHub},
    author={Oxyplot},
    year = 2023
} 