
@misc{Desmos:2023,
    title        = {Desmos website},
    author       = {{Desmos Studio PBC}},
    year         = 2023,
    note         = {\url{https://desmos.com} [Accessed: 30/11/2023]}
}

@misc{Matlab:2023,
    title = {Matlab website},
    author = {{MathWorks \textregistered}},
    year = 2023,
    note = {\url{https://uk.mathworks.com/products/matlab.html} [Accessed: 30/11/2023] }
}

@book{Nystrom:2021,
 author = {Nystrom, Robert},
 title = {Crafting Interpreters},
 year = {2021},
 isbn = {978-0-9905289-3-9},
 publisher = {Genever Benning},
 address = {Great Brittain},
}

@manual{WPF:2023,
   title = {Windows Presentation Foundation documentation},
   author = {{Microsoft Learn, WPF}},
   organization = {Microsoft},
   address = {},
   year = {2023},
   url = {https://learn.microsoft.com/en-us/dotnet/desktop/wpf/?view=netdesktop-8.0},
 }

@misc{DI:2023,
    title = {Dependency injection in ASP.NET Core},
    author = {{Microsoft Learn, DI}},
    url={https://learn.microsoft.com/en-us/aspnet/core/fundamentals/dependency-injection?view=aspnetcore-8.0},
    journal={Microsoft Learn, DI},
    publisher={Microsoft Learn},
    year={2023},
    month={Jul}
} 

@misc{MVVM:2022,
    title={Model-View-ViewModel (MVVM)},
    author={{Microsoft Learn, MVVM}},
    url={https://learn.microsoft.com/en-us/dotnet/architecture/maui/mvvm},
    journal={Model-View-ViewModel - .NET | Microsoft Learn},
    publisher={Microsoft Learn},
    year={2022},
    month={Apr}
} 
